
%
%  $Description: Sample bibliography$ 
% 
%  $Author: ienne $ 
%  $Date: 1995/09/15 15:19:53 $
%  $Revision: 1.3 $
%

@INPROCEEDINGS{ml1, 
author={Kawaguchi, S. and Garg, P.K. and Matsushita, M. and Inoue, K.}, 
booktitle={Software Engineering Conference, 2004. 11th Asia-Pacific}, 
title={MUDABlue: an automatic categorization system for open source repositories}, 
year={2004}, 
pages={184-193}, 
keywords={Internet;information retrieval systems;public domain software;software development management;MUDABlue;Web browsing;automatic categorization system;open source community;software archiving services;software project;software repository;Collaborative work;Documentation;Graphical user interfaces;Information science;Open source software;Software engineering;Software systems;Software tools;Visualization;Web and internet services}, 
doi={10.1109/APSEC.2004.69}, 
ISSN={1530-1362},}

@INPROCEEDINGS{ml2, 
author={McMillan, C. and Grechanik, M. and Poshyvanyk, D.}, 
booktitle={Software Engineering (ICSE), 2012 34th International Conference on}, 
title={Detecting similar software applications}, 
year={2012}, 
pages={364-374}, 
keywords={Java;software engineering;statistical analysis;CLAN;Java application;MUDABlue;Web page retrieval;class hierarchy;closely related application detection;packages hierarchy;semantic layers;similar software application detection;source code search engines;text search engines;Java;Large scale integration;Search engines;Semantics;Software;Time division multiplexing;Vectors}, 
doi={10.1109/ICSE.2012.6227178}, 
ISSN={0270-5257},}

@ARTICLE{ml3,
    author = {Karen Sp√§rck Jones},
    title = {A statistical interpretation of term specificity and its application in retrieval},
    journal = {Journal of Documentation},
    year = {1972},
    volume = {28},
    pages = {11--21}
}

@ARTICLE{ml4,
    author = {Amit Singhal},
    title = {Modern information retrieval: a brief overview},
    journal = {Bulletin of the IEEE Computer Society Technical Committee on Data Engineering},
    year = {2001},
    volume = {24},
    pages = {2001}
}

@BOOK{ml5,
   author = {P.-N. Tan, M. Steinbach & V. Kumar},
   title = {Introduction to Data Mining},
   publisher = {Addison-Wesley},
   year = 2005,
   ISBN = {ISBN 0-321-32136-7},
   chapter = 8,
   pages = 500
}

@book{ml6,
 author = {Manning, Christopher D. and Raghavan, Prabhakar and Sch\"{u}tze, Hinrich},
 title = {Introduction to Information Retrieval},
 year = {2008},
 isbn = {0521865719, 9780521865715},
 publisher = {Cambridge University Press},
 address = {New York, NY, USA},
} 

@MISC{ml7,
author = {Marko A. Rodriguez, Matthias Broecheler},
title = {Titan: Distributed Graph Database},
month = jun,
year = {2013},
howpublished = {http://thinkaurelius.github.io/titan/}
}