@incollection{tirea2012stock,
  title={Stock market multi-agent recommendation system based on the Elliott Wave Principle},
  author={Tirea, Monica and Tandau, Ioan and Negru, Viorel},
  booktitle={Multidisciplinary Research and Practice for Information Systems},
  pages={332--346},
  year={2012},
  publisher={Springer}
}

@article{chen2007fuzzy,
  title={Fuzzy time-series based on Fibonacci sequence for stock price forecasting},
  author={Chen, Tai-Liang and Cheng, Ching-Hsue and Teoh, Hia Jong},
  journal={Physica A: Statistical Mechanics and its Applications},
  volume={380},
  pages={377--390},
  year={2007},
  publisher={Elsevier}
}

@article{chakravarty2012pso,
  title={A PSO based integrated functional link net and interval type-2 fuzzy logic system for predicting stock market indices},
  author={Chakravarty, Sreejit and Dash, PK},
  journal={Applied Soft Computing},
  volume={12},
  number={2},
  pages={931--941},
  year={2012},
  publisher={Elsevier}
}

@inproceedings{pan2003joint,
  title={A joint review of technical and quantitative analysis of financial markets towards a unified science of intelligent finance},
  author={Pan, HP},
  booktitle={Proc. 2003 Hawaii International Conference on Statistics and Related Fields, June},
  pages={5--9},
  year={2003},
  organization={Citeseer}
}

@article{osler2000support,
  title={Support for resistance: technical analysis and intraday exchange rates},
  author={Osler, Carol L},
  journal={Economic Policy Review},
  volume={6},
  number={2},
  year={2000}
}

@article{mantri2014artificial,
  title={Artificial neural networksâ€”an application to stock market volatility},
  author={Mantri, Jibendu Kumar and Gahan, P and Nayak, Braja B},
  journal={Soft-Computing in Capital Market: Research and Methods of Computational Finance for Measuring Risk of Financial Instruments},
  pages={179},
  year={2014},
  publisher={Universal-Publishers}
}

@article{abdullah2012intervals,
  title={Intervals in Fuzzy Time Series Model Preliminary Investigation for Composite Index Forecasting},
  author={Abdullah, Lazim and Ling, Chai Yoke},
  journal={ARPN Journal of Systems and Software},
  volume={2},
  number={1},
  pages={7--11},
  year={2012},
  publisher={Citeseer}
}

@article{kumar2014magic,
  title={Magic of Fibonacci Sequence in Prediction of Stock Behavior},
  author={Kumar, Rajesh},
  journal={International Journal of Computer Applications},
  volume={93},
  number={11},
  year={2014},
  publisher={Foundation of Computer Science}
}

@article{hellal2014wave,
  title={A wave smoothing algorithm and applications to the financial markets},
  author={Hellal, Omar Ait and Meyer, Gerald H},
  journal={Aestimatio},
  number={8},
  pages={114},
  year={2014},
  publisher={Instituto de Estudios Bursatiles}
}

@article{zhen2010financial,
  title={Financial rogue waves},
  author={Zhen-Ya, Yan},
  journal={Communications in Theoretical Physics},
  volume={54},
  number={5},
  pages={947},
  year={2010},
  publisher={IOP Publishing}
}

@article{raberto2001agent,
  title={Agent-based simulation of a financial market},
  author={Raberto, Marco and Cincotti, Silvano and Focardi, Sergio M and Marchesi, Michele},
  journal={Physica A: Statistical Mechanics and its Applications},
  volume={299},
  number={1},
  pages={319--327},
  year={2001},
  publisher={Elsevier}
}

@book{seydel2006tools,
  title={Tools for computational finance},
  author={Seydel, R{\"u}diger and Seydel, R{\"u}diger Ulrich and Seydel, R{\"u}diger Ulrich},
  volume={69},
  year={2006},
  publisher={Springer}
}

@article{kotick1996introduction,
  title={An Introduction to the Elliott Wave Principle},
  author={Kotick, Jordan},
  year={1996}
}

@article{farmer2012complex,
  title={A complex systems approach to constructing better models for managing financial markets and the economy},
  author={Farmer, J Doyne and Gallegati, Mauro and Hommes, Cars and Kirman, Alan and Ormerod, Paul and Cincotti, Silvano and S{\'a}nchez, Angel and Helbing, Dirk},
  journal={The European Physical Journal Special Topics},
  volume={214},
  number={1},
  pages={295--324},
  year={2012},
  publisher={Springer}
}

@article{otake2013can,
  title={Can we apply Fibonacci retracement in the African market?},
  author={Otake, Toshitsugu},
  journal={African Journal of Business Management},
  volume={7},
  number={24},
  pages={2337},
  year={2013},
  publisher={Academic Journals}
}

@article{adebiyi2012stock,
  title={Stock price prediction using neural network with hybridized market indicators},
  author={Adebiyi, AA and Ayo, CK and Adebiyi, Marion O and Otokiti, SO},
  journal={Journal of Emerging Trends in Computing and Information Sciences},
  volume={3},
  number={1},
  pages={1--9},
  year={2012}
}

@article{chatterjee2002applications,
  title={The applications of the Fibonacci sequence and Elliott wave theory in predicting the security price movements: a survey},
  author={Chatterjee, Amitava and Felix Ayadi, O and Maniam, Balasundram},
  journal={Journal of Commercial Banking and Finance},
  volume={1},
  pages={65--76},
  year={2002},
  publisher={Jordan Whitney Enterprises, Inc.}
}

@article{kotyrba2013methodology,
  title={METHODOLOGY FOR ELLIOTT WAVES PATTERN RECOGNITION},
  author={Kotyrba, Martin and Volna, Eva and Janosek, Michal and Habiballa, Hashim and Brazina, David},
  journal={ratio},
  volume={34},
  number={55},
  pages={0--618},
  year={2013}
}

@article{pan2005predicting,
  title={Predicting Australian stock market index using neural networks exploiting dynamical swings and intermarket influences},
  author={Pan, Heping and Tilakaratne, Chandima and Yearwood, John},
  journal={Journal of research and practice in information technology},
  volume={37},
  number={1},
  pages={43--56},
  year={2005},
  publisher={Sydney, Australia: Australian Computer Society, c2000-}
}

@article{kazem2013support,
  title={Support vector regression with chaos-based firefly algorithm for stock market price forecasting},
  author={Kazem, Ahmad and Sharifi, Ebrahim and Hussain, Farookh Khadeer and Saberi, Morteza and Hussain, Omar Khadeer},
  journal={Applied soft computing},
  volume={13},
  number={2},
  pages={947--958},
  year={2013},
  publisher={Elsevier}
}

@book{livio2008golden,
  title={The golden ratio: The story of phi, the world's most astonishing number},
  author={Livio, Mario},
  year={2008},
  publisher={Broadway Books}
}

@book{murphy1999technical,
  title={Technical analysis of the financial markets: A comprehensive guide to trading methods and applications},
  author={Murphy, John J},
  year={1999},
  publisher={Penguin}
}

@article{weckman2008integrated,
  title={An integrated stock market forecasting model using neural networks},
  author={Weckman, Gary R and Lakshminarayanan, Sriram and Marvel, Jon H and Snow, Andy},
  journal={International Journal of Business Forecasting and Marketing Intelligence},
  volume={1},
  number={1},
  pages={30--49},
  year={2008},
  publisher={Inderscience Publishers}
}

@article{abounoori2014forecast,
  title={Forecast and Compare of Stock Price Index at Tehran Stock Exchange using Fibonacci and Fuzzy Method},
  author={Abounoori, Esmaiel and Ziachi, Ali Asghar},
  journal={Arth prabandh: A Journal of Economics and Management},
  volume={3},
  number={10},
  pages={74--83},
  year={2014},
  publisher={Pinnacle Research Journals}
}

@article{prechter2001unconscious,
  title={Unconscious herding behavior as the psychological basis of financial market trends and patterns},
  author={Prechter Jr, Robert R},
  journal={The Journal of Psychology and Financial Markets},
  volume={2},
  number={3},
  pages={120--125},
  year={2001},
  publisher={Taylor \& Francis}
}

@misc{carney2005methodology,
  title={Methodology of utilizing Fibonacci numbers to analyze and predict trends in financial markets},
  author={Carney, Scott},
  year={2005},
  month=apr # "~19",
  publisher={Google Patents},
  note={US Patent App. 11/110,581}
}
